3590 5028
325 316 883 397 antonomum.
1108 327 1156 421 ι,

17 482 19 531 ;
99 463 191 524 nam
201 447 488 553 propemodum
504 449 621 528 amici
641 440 781 526 sumus.
807 440 997 535 Censen'?
1011 448 1153 560 exquo

17 568 19 575 '
99 553 223 639 abiisli
238 555 330 637 hinc
342 561 515 659 vicinia,
529 562 599 664 Dij
616 585 679 641 nae
694 557 881 667 perdant,
897 554 923 639 sr
939 559 1153 671 quidquam
1266 660 1269 667 ,

99 667 199 749 mihi
224 668 338 754 suane
361 668 439 753 suit
453 732 466 774 ,
482 678 538 759 ita
559 695 666 753 totus
690 696 890 764 moerore,
908 677 948 755 δι
964 672 1154 760 defiderio

98 786 155 860 tui
168 780 411 866 contabesco.
428 792 599 894 Propera
615 788 736 895 igitur
747 787 953 877 Venetias,
968 790 1154 887 Romam,

98 892 341 1005 Neapolim,
360 895 517 1007 quando
533 904 588 981 ita
607 898 805 982 decretum
816 900 870 983 est
880 960 893 1001 ,
906 894 970 980 sed
984 928 1150 1013 propera

95 1030 141 1090 vt
163 1010 238 1091 huc
261 1006 392 1101 redeas
411 1018 451 1094 &
470 1015 617 1097 tristem
648 1009 890 1103 amiculum,
918 1040 1152 1122 germanum

95 1121 333 1205 Timonidior
367 1125 643 1236 amplectaris,
677 1117 756 1235 ipse
789 1142 919 1209 autem
957 1128 1151 1241 elegantia
1194 1175 1196 1178 >

24 1268 28 1275 ·
91 1236 165 1319 ista
176 1261 242 1320 tua
254 1297 269 1342 ,
281 1267 434 1321 motum
451 1236 664 1336 suauitate,
679 1236 924 1320 consrllorum
936 1241 1153 1327 tuorumfi·

92 1345 168 1453 de,
187 1355 226 1432 &
251 1351 427 1434 dulcibus
441 1352 624 1461 alloquiis
638 1350 712 1434 srui
732 1348 880 1460 possim.
898 1348 1019 1435 Nunc
1032 1356 1082 1435 ad
1097 1356 1151 1439 al·

89 1472 219 1544 teram
232 1463 414 1575 Epistola
432 1486 504 1547 tue
526 1490 677 1575 partem
698 1468 836 1564 venio,
855 1467 986 1573 inqua
1005 1461 1152 1551 senten-

87 1579 193 1657 tiam
207 1605 337 1663 meam
355 1582 516 1690 requiris
535 1578 585 1663 de
598 1575 930 1685 locoilloHoratij
947 1582 987 1661 in
1002 1607 1057 1669 tv·
1071 1608 1152 1693 carg

87 1714 273 1796 numum,

151 1811 341 1922 inpellunt
353 1811 475 1890 anima
495 1808 602 1889 lintea
617 1804 776 1888 Thrariae.

85 1920 160 2003 lta
182 1931 315 2007 aurern
338 1923 556 2005 existimare
578 1920 745 2020 videris,
769 1919 889 2006 dreit
916 1950 978 2006 me
1001 1921 1149 2031 aliquid

83 2027 342 2144 poise‚quod
354 2036 419 2139 alij
437 2062 518 2116 non
531 2034 720 2133 dixerint3
740 2030 827 2143 lpse
840 2034 1044 2121 vero'haud
1061 2034 1150 2118 sane

87 2141 1150 2259 scioquidadeumlocuminterptetesattulerint‚prae·

88 2279 149 2343 ter
165 2262 330 2374 Dionys.
346 2263 601 2363 Lambinum,
616 2266 655 2344 ὅ(
668 2259 867 2342 Lauinum
877 2267 1149 2366 Torrentium3

91 2398 191 2482 quos
206 2373 394 2486 egosolos
411 2377 550 2470 habeo,
564 2398 745 2485 praterea
756 2380 966 2458 neminem.
980 2381 1148 2467 Certum

88 2488 146 2572 est
162 2514 294 2570 autent
305 2490 489 2571 nechunc
505 2489 695 2569 necillum
712 2482 845 2570 vidisse
856 2490 962 2598 quod
974 2492 1151 2574 animatia

87 2607 193 2681 uerti
210 2604 401 2713 oportuit.
419 2601 598 2708 Longam
612 2603 718 2679 enim
733 2604 953 2683 orationem
971 2601 1150 2689 consum·

17 2802 19 2821 p
85 2707 1148 2822 pseruntuteorumopinlonemrefellerentquiEtesras

86 2822 265 2932 intelligi
299 2848 481 2934 oportere
510 2849 577 2927 per
602 2828 738 2902 animae
767 2822 933 2903 Thracias
965 2818 1148 2938 scripsere

91 2931 117 3046 (
128 2935 210 3041 qui
228 2935 419 3020 sententia
439 2935 537 3017 nihil
555 2935 761 3017 ridiculum
784 2940 909 3046 magis
932 2964 1003 3020 nec
1024 2949 1149 3053 magis

82 3053 447 3164 ineptumcogitari
464 3045 626 3158 potest.)
648 3050 1147 3163 Deinpostquatnpugnam

81 3163 202 3244 illam
218 3187 453 3274 pugnarunt,
464 3187 549 3243 tum
562 3162 698 3245 Gallus
709 3164 897 3270 interpres
909 3192 956 3245 ex
967 3170 1147 3253 Homero

81 3277 233 3387 probat
249 3286 386 3357 animas
401 3276 563 3357 runem
573 3271 646 3356 esse
656 3274 854 3466 Zeplppros
866 3274 927 3357 seu
938 3273 1147 3387 sauonior,

83 3393 199 3501 quod
216 3419 347 3473 uerum
366 3391 441 3488 οὓς
456 3414 661 3495 torumque
677 3387 745 3466 illu
790 3393 986 3471 rationum
1002 3421 1146 3502 agmen

83 3509 128 3586 in
141 3508 268 3585 aciem
281 3506 431 3586 inducit
445 3561 456 3598 ,
468 3530 561 3612 quas
577 3505 625 3582 ab
637 3499 995 3612 Eustatlriohabuit.
1017 3510 1147 3589 Sedea

83 3621 228 3701 omnia
243 3618 340 3705 nihil
356 3615 403 3696 ad
418 3619 654 3715 Horatium,
668 3635 734 3695 aut
749 3614 798 3694 acl
811 3614 851 3693 id
866 3640 968 3695 certe
982 3617 1087 3721 quod
1106 3640 1146 3699 te

82 3756 263 3843 quaerere
288 3726 468 3839 suspicor.
503 3732 630 3843 Qum
654 3730 762 3806 enirn
786 3729 937 3835 optime
951 3730 1145 3814 Homerus

83 3848 224 3956 potuit
241 3846 457 3926 Fauonium
476 3869 610 3939 vorare
627 3839 840 3921 Thracium
859 3862 1043 3937 ventum,
1062 3866 1144 3927 tam

86 3964 131 4043 δι
147 3952 332 4072 profesio
344 3951 496 4069 pessime
504 3950 909 4147 rademappellationle
927 3948 1012 4088 usus
1023 3960 1148 4040 Hora.

948 4093 990 4173 ¹¹1
