3596 5022
637 343 680 414 n
872 317 1289 428 rAnAQrtttr
1321 320 1494 395 rAnrr

638 526 1684 574 ,We—-

791 658 1208 765 ertsrotn
1275 616 1542 755 xxxtt.

928 896 1038 971 ran
1096 834 1414 959 Eunoen.

640 1088 931 1163 monumentum
940 1099 1065 1175 vetus,
1082 1101 1127 1153 ex
1141 1098 1207 1181 qno
1218 1102 1348 1182 magna
1362 1074 1504 1152 rutilitas
1520 1072 1575 1152 ad
1585 1082 1691 1159 emen}

741 1194 915 1274 dationem
934 1187 1363 1301 vetrstiorumscrtptorum
1379 1196 1590 1298 capipotni‘.

759 1371 932 1451 Ptimum
949 1365 1052 1453 fanu
1070 1367 1235 1449 indicaui
1256 1368 1413 1445 mittere
1431 1364 1478 1446 ad
1501 1365 1540 1447 t'e
1559 1382 1686 1454 monui

769 1510 945 1565 mentum
973 1486 1160 1592 primarie
1183 1478 1404 1578 vetustatis,
1423 1480 1530 1583 quod
1557 1485 1680 1565 Romae

599 1660 604 1671 .
638 1596 866 1707 adponam
893 1601 1100 1708 Capenam
1128 1586 1306 1675 effossum
1339 1591 1392 1673 est
1414 1617 1519 1672 anno
1546 1597 1684 1680 Christi

641 1726 753 1810 1615.
766 1733 830 1792 aut
847 1727 959 1792 1616.
975 1713 1082 1795 Cum
1098 1712 1203 1790 enim
1221 1732 1266 1785 ea
1279 1732 1348 1796 res,
1361 1704 1494 1811 quade
1510 1713 1682 1818 agiturin

639 1821 708 1903 isia
720 1819 983 1932 inscriptione,
994 1821 1224 1907 annthbis
1241 1818 1406 1899 conditae
1421 1847 1680 1907 corteto-eue-

638 1940 765 2018 nerit:
787 1944 828 2020 ὅ(
845 1936 1002 2021 Plautus
1018 1939 1118 2017 circa
1138 1960 1284 2014 annum
1305 1968 1342 2015 o·
1362 1956 1510 2012 txvrrt.
1538 1936 1683 2038 obierit,

639 2048 857 2132 videshunc
868 2049 1158 2161 orthographiae
1171 2071 1320 2128 morem
1336 2068 1431 2125 tunc
1446 2050 1587 2129 Romae
1605 2046 1683 2131 suis·

636 2157 674 2243 se
688 2188 776 2244 cum
796 2159 874 2273 ipse
888 2192 981 2273 puer
1006 2171 1045 2244 dt
1062 2156 1285 2241 adolescens
1303 2155 1395 2239 esset
1412 2159 1570 2242 Plautus
1588 2223 1600 2264 ,
1619 2164 1678 2244 nifi

638 2281 757 2357 etiam
769 2277 905 2377 eadem
917 2270 1218 2359 ratioscribendi
1236 2273 1395 2354 ulterius
1410 2297 1527 2382 porro
1547 2273 1678 2359 seruata

636 2388 702 2472 est.
729 2392 996 2495 Qramobtem
1019 2386 1068 2467 ad
1091 2384 1408 2468 emendationem
1423 2410 1485 2468 tot
1501 2414 1680 2493 errorum,
1767 2456 1771 2475 ι

636 2506 771 2610 quibus
790 2502 982 2612 hodieque
999 2498 1114 2583 scatet
1129 2495 1218 2580 sons
1233 2499 1306 2580 lile
1317 2505 1492 2611 genuinae
1512 2530 1674 2612 pureque

637 2615 884 2716 Latinitatis,
898 2617 952 2696 nii
965 2644 1041 2727 ego
1061 2614 1193 2694 utilius
1205 2613 1374 2695 arbitror
1388 2618 1674 2726 quamtabuiam

634 2726 736 2811 hanc
762 2751 852 2811 ante
876 2729 1012 2811 oculor
1033 2728 1197 2825 habere,
1211 2749 1255 2805 vt
1266 2785 1278 2823 ,
1297 2728 1360 2808 vbi
1378 2732 1473 2835 quid
1489 2734 1528 2807 in
1540 2732 1674 2813 Plauto

633 2868 830 2945 occurret,
846 2844 952 2953 quod
970 2838 1225 2950 suspicionem
1242 2840 1374 2923 mendi
1387 2844 1524 2922 habeat
1538 2846 1677 2940 ,statim

633 2956 706 3039 tibi
724 2958 849 3068 dicas,
876 2962 1063 3067 Quanam,
1080 2959 1231 3067 tatione
1250 2953 1346 3036 iliud
1361 2978 1429 3035 aut
1446 2955 1544 3035 iliud
1560 2958 1673 3038 Plauti

633 3094 718 3151 κιο
737 3058 998 3159 scribebatur?
1012 3065 1249 3174 Qraeforma‘
1265 3058 1558 3177 liter'art'r'therat
1572 3082 1591 3160 ἓ
1605 3098 1677 3180 quat

632 3181 754 3264 litera:
774 3186 970 3266 interdum
985 3183 1294 3272 omittebantur?
1310 3186 1491 3292 Cumque
1509 3189 1679 3266 animum

632 3296 682 3374 ad
704 3297 804 3376 hanc
820 3299 999 3378 tabulam
1026 3294 1224 3385 retuleris,
1242 3297 1355 3377 haud
1374 3297 1490 3379 dubie
1507 3325 1679 3410 magnas,

631 3412 934 3518 expertusdico,
955 3439 1004 3494 ex
1019 3408 1413 3519 eavtiiitatescapies.
1441 3410 1605 3496 Videbis
1623 3439 1680 3493 au·

630 3523 758 3605 temL
774 3528 813 3605 δι
834 3520 876 3604 Ρ.
895 3529 1044 3639 nonita
1061 3524 1180 3628 pidias
1191 3525 1287 3604 oiim
1302 3518 1410 3604 suiise
1426 3548 1469 3601 ac
1486 3551 1590 3604 nunc
1602 3529 1680 3635 pin·

628 3656 773 3746 guntur
795 3674 810 3737 ·,
834 3626 942 3741 Quin
963 3646 1002 3723 δι
1024 3636 1176 3715 literam
1202 3638 1244 3719 M
1268 3638 1400 3716 omitti
1430 3634 1614 3738 solitam,
1640 3657 1680 3725 ut

630 3752 877 3857 ALERIA
896 3782 965 3862 pro
983 3748 1293 3849 ALERtnM.
1321 3750 1480 3833 AIDE
1503 3776 1575 3855 pro
1597 3750 1678 3834 Ai-

628 3865 670 3946 D
682 3866 713 3942 E
726 3870 780 3947 M·
802 3867 901 3944 ltem
917 3878 954 3951 O
972 3896 1041 3977 pro
1053 3856 1198 3944 V·v'tE
1215 3867 1325 3975 prol·
1339 3867 1397 3948 01
1416 3891 1485 3971 pto
1500 3869 1546 3951 V·
1558 3867 1598 3949 D
1606 3889 1677 3975 pro

627 3978 672 4059 B·
689 3981 729 4059 δι
741 4003 824 4085 quae
837 3999 919 4058 tute
930 3975 1146 4093 pervidebis
1163 3979 1241 4063 sine
1256 3984 1464 4066 monitore.
