3682 4994
253 352 258 363 ,
444 265 773 351 Ettrrotnn.
816 266 931 351 Lrn.
965 268 1008 356 l.·
1242 307 1300 376 ²9

159 378 567 490 oeff0s‚ir1³yrenaeo
589 371 728 462 fontes
749 376 892 465 suos&
911 385 1109 496 originem
1129 418 1211 475 non
1229 393 1304 476 112.

162 503 241 584 btt.
288 503 465 594 Verum,
481 489 711 581 Doniffime
729 494 917 589 Fabrici,
945 524 1027 580 non
1042 527 1131 602 nte,
1149 508 1208 590 uti
1233 505 1302 588 di.

161 616 302 699 cebant
327 607 472 709 modo,
492 606 560 689 illa
581 605 787 688 Herodoti
815 600 971 691 offertio
991 638 1156 717 movet,
1174 622 1192 716 l
1208 646 1301 703 nant
1353 636 1361 650 ·

99 722 106 737 '
162 723 369 837 plerosque
385 727 613 806 veterum-ir
626 729 820 814 νυμφικοῖς
835 749 914 801 non
930 714 1174 811 itaoculatos
1186 727 1303 814 foisse

167 866 238 951 ego
255 848 295 921 δι
319 864 364 919 tu
383 832 523 919 scimus
535 838 555 931 )
575 830 642 913 scd
664 830 895 923 donanda&
909 834 1025 933 iperi·
1038 837 1192 932 ἕως
1205 906 1216 943 ,
1230 845 1302 951 qui

165 978 319 1049 tamen,
337 977 382 1032 ut
399 973 487 1031 tute
508 949 585 1033 scir
605 1008 616 1044 ,
640 969 807 1037 minime
824 938 962 1034 fatuus
989 947 1056 1034 est.
1086 951 1185 1034 Non
1210 952 1303 1063 pos.

161 1062 238 1146 ium
257 1068 395 1169 itaque
413 1058 435 1142 d
452 1088 514 1143 nte
532 1065 762 1165 impetrare,
781 1060 880 1166 quin
896 1059 1081 1153 credam,
1096 1071 1176 1157 §aar
1194 1071 1302 1161 illanr

161 1182 306 1285 (quarn
328 1173 506 1284 supet-ius
526 1170 683 1256 dnobus
699 1171 906 1257 uncinulis
933 1173 1100 1279 incluli)
1118 1166 1141 1256 ὲ
1159 1171 1222 1264 sua
1242 1174 1300 1264 le·

156 1289 373 1374 demutant
391 1282 582 1386 fuissent
607 1292 646 1366 in
662 1285 810 1367 librum
830 1316 899 1371 ιν.
917 1285 1159 1394 postlimroro
1173 1292 1300 1377 redu·

155 1401 341 1484 cendam.
375 1400 493 1516 Quid
511 1402 619 1481 enirn
642 1393 694 1479 ad
725 1400 1065 1506 comparationem
1093 1404 1180 1486 Nili
1206 1434 1301 1492 cunt

155 1514 375 1614 Danubio,
394 1515 485 1599 litus
503 1512 694 1625 AEgvpti,
712 1507 792 1621 qul
813 1511 973 1605 Ciliciae
989 1540 1180 1602 montana
1198 1519 1317 1627 alpia,

154 1631 229 1727 cit,
253 1622 388 1712 facere
407 1626 560 1737 potellt
583 1619 699 1737 Quid
714 1624 799 1708 vult
814 1626 882 1709 libi
902 1626 1000 1712 illud
1017 1630 1199 1741 quinque
1215 1631 1302 1716 dic·

153 1748 239 1826 rtim
270 1743 346 1823 iter
363 1743 413 1823 ab
433 1768 501 1824 ota
525 1740 681 1847 Cilictae
701 1737 751 1820 ad
774 1738 917 1821 urbem
943 1730 1064 1823 Potiti
1091 1749 1302 1850 Sinopen?

152 1851 275 1961 Quid
301 1853 492 1963 denique.
512 1853 678 1957 attinuit
709 1848 857 1933 dicere.
906 1855 1084 1962 Sinopen
1117 1857 1312 1961 Danubii.

150 1971 263 2049 ostiis
289 1963 563 2075 respondete,
594 1961 660 2045 seu
678 1962 785 2037 u'rr'as
800 1965 873 2056 ibt
903 1963 998 2045 dein
1026 1972 1318 2059 ratiocinatio„

148 2108 242 2164 nent
266 2079 317 2161 lic
334 2077 599 2178 concludere,
622 2092 689 2159 lta
710 2079 827 2153 Nilus
853 2101 968 2160 totam
982 2102 1176 2192 permeans
1201 2080 1315 2183 Astis

144 2222 224 2278 cm
241 2190 399 2275 videtur
414 2191 510 2274 mihi
528 2192 791 2308 aequ’prrandus
806 2188 1011 2275 Danubio?
1034 2193 1170 2283 Nemo
1190 2196 1304 2277 Her·

145 2310 236 2395 cole
265 2370 277 2408 ,
310 2334 462 2403 nemo,
495 2306 566 2386 nifi
593 2308 662 2412 qui
690 2300 804 2412 plane
828 2301 1001 2405 delitet,
1022 2309 1078 2387 ita
1099 2309 1303 2415 loquatur.

146 2422 283 2504 Erunt
306 2411 465 2502 fortasse
492 2420 563 2527 qui
588 2416 754 2508 dicant,
780 2418 909 2499 minus
932 2414 1124 2501 credibile
1150 2420 1302 2521 videti,

144 2534 258 2618 lranc
291 2535 331 2612 in
361 2529 568 2617 Herodoti
597 2526 752 2639 scriptis
775 2531 932 2616 drudro
959 2535 1305 2641 perturbationem

143 2642 298 2741 fabiam
327 2637 458 2726 fuiffe.
502 2645 579 2726 l’er
609 2671 674 2725 nte
698 2639 862 2750 quidem
890 2644 1016 2736 licett
1048 2644 1146 2745 led,
1177 2645 1318 2735 velint.

142 2763 313 2855 nolint,
333 2755 403 2836 ubi
431 2754 530 2836 milri
552 2755 725 2836 lubitum
748 2747 901 2846 fuerit,
924 2749 1044 2837 facile
1068 2757 1305 2859 ostendero,

140 2871 351 2955 nonnulla
368 2862 389 2945 lt
408 2866 610 2950 veteribus
631 2864 736 2971 apud
762 2865 1026 2949 Herodotum
1051 2868 1150 2950 lella
1167 2864 1304 2972 fuille,

142 3012 244 3094 quae
265 2977 388 3062 lrodie
408 3005 493 3061 non
516 3000 721 3087 apparent.
741 2973 780 3054 Sr
799 2973 898 3055 hinc
912 2977 1307 3066 illincnonnullatx·

145 3097 361 3191 ciderint,
389 3117 472 3172 non
500 3094 553 3175 ira
579 3084 817 3171 incredibile
842 3083 1051 3192 videatur,
1075 3089 1304 3203 quaedarnd

142 3208 217 3299 suo
249 3209 347 3286 loco
369 3197 573 3313 migrasse,
593 3199 705 3311 quod
727 3204 768 3282 in
786 3200 978 3283 ,omnibus
993 3196 1079 3288 fere
1101 3205 1308 3318 scriptori·

147 3324 224 3405 bur
248 3313 399 3400 fallunt
417 3306 494 3395 effe
522 3317 591 3424 qui
612 3311 823 3411 nesciunt,
838 3317 865 3415 ip
887 3317 1225 3422 interpretennon
1246 3322 1308 3403 le·
1333 3418 1341 3423 ,

145 3458 317 3548 gerunt.
338 3419 541 3538 Qaedrm
558 3485 570 3521 ,
588 3431 751 3535 inqua!
767 3483 780 3518 ,
798 3428 898 3509 olim
913 3426 1020 3539 apud
1044 3427 1307 3516 Herodotum

145 3557 296 3643 luere,
315 3569 404 3650 quae
430 3538 555 3622 hodie
571 3566 653 3620 non
670 3536 784 3630 luntr
810 3536 852 3620 id
869 3538 981 3647 quod
1004 3539 1155 3620 nonde
1174 3543 1311 3625 verbis

147 3685 335 3748 tantum,
357 3681 446 3762 quae
463 3655 484 3735 i
500 3650 701 3733 veter-ibus
720 3649 1014 3763 lexicographis
1031 3646 1321 3758 proferuntur,<.

151 3772 217 3856 led
233 3772 362 3854 etiam
381 3763 431 3846 de
447 3766 563 3863 rebus
576 3764 709 3873 accipi
725 3762 834 3844 volo.
873 3764 972 3867 Duo
985 3765 1171 3875 exempla
1185 3760 1306 3849 suffe·

158 3889 312 3975 atrintt
329 3906 421 3963 narn
431 3939 445 3980 ,
460 3903 575 3963 nunt
592 3872 779 3988 quidem,
796 3874 910 3986 plura
921 3878 1122 3962 memoriae
1133 3902 1220 3966 non·
1232 3905 1311 3993 ⁰⁰3·
